<record><leader>00000cas a2200000 a 4500</leader><controlfield tag="001">20680546</controlfield><controlfield tag="008">891121d19831984waumr ne      0    0eng d</controlfield><datafield ind1=" " ind2=" " tag="010"><subfield code="a">sn 89079020 </subfield></datafield><datafield ind1=" " ind2=" " tag="040"><subfield code="a">SLZ</subfield><subfield code="b">eng</subfield><subfield code="c">SLZ</subfield><subfield code="d">OCL</subfield><subfield code="d">OCLCQ</subfield></datafield><datafield ind1=" " ind2=" " tag="042"><subfield code="a">msc</subfield></datafield><datafield ind1=" " ind2=" " tag="043"><subfield code="a">n-us-wa</subfield></datafield><datafield ind1="0" ind2="0" tag="245"><subfield code="a">Key Peninsula newsletter.</subfield></datafield><datafield ind1=" " ind2=" " tag="260"><subfield code="a">Vaughn, Wash. :</subfield><subfield code="b">[s.n.]</subfield></datafield><datafield ind1=" " ind2=" " tag="300"><subfield code="a">v.</subfield></datafield><datafield ind1=" " ind2=" " tag="310"><subfield code="a">Monthly</subfield></datafield><datafield ind1="0" ind2=" " tag="362"><subfield code="a">Vol. 1, no. 1 (Sept. 1983)-v. 1, no. (Apr. 1984).</subfield></datafield><datafield ind1=" " ind2="0" tag="651"><subfield code="a">Vaughn (Wash.)</subfield><subfield code="v">Newspapers.</subfield></datafield><datafield ind1="0" ind2="0" tag="780"><subfield code="t">Key Peninsula news</subfield><subfield code="w">(DLC)</subfield></datafield></record>